<record><leader>00000cas a22000007a 4500</leader><controlfield tag="001">16912041</controlfield><controlfield tag="008">871029d18871921ohudn ne      0    0eng d</controlfield><datafield ind1=" " ind2=" " tag="010"><subfield code="a">sn 87076797 </subfield></datafield><datafield ind1=" " ind2=" " tag="040"><subfield code="a">ONP</subfield><subfield code="b">eng</subfield><subfield code="c">ONP</subfield><subfield code="d">OCLCQ</subfield></datafield><datafield ind1=" " ind2=" " tag="042"><subfield code="a">msc</subfield></datafield><datafield ind1="0" ind2="0" tag="245"><subfield code="a">Tiffin daily tribune and herald.</subfield></datafield><datafield ind1=" " ind2=" " tag="260"><subfield code="a">Tiffin, Ohio :</subfield><subfield code="b">O.T. Locke &amp; Son,</subfield><subfield code="c">-1921.</subfield></datafield><datafield ind1=" " ind2=" " tag="310"><subfield code="a">Daily (except Sun.)</subfield></datafield><datafield ind1="0" ind2=" " tag="362"><subfield code="a">Vol. 1, no. 53 (July 1, 1887)- v. 38, no. 163 (Nov. 7, 1921).</subfield></datafield><datafield ind1=" " ind2=" " tag="752"><subfield code="a">United States</subfield><subfield code="b">Ohio</subfield><subfield code="c">Seneca</subfield><subfield code="d">Tiffin.</subfield></datafield><datafield ind1="0" ind2=" " tag="775"><subfield code="t">Tiffin weekly tribune (Tiffin, Ohio : 1887)</subfield><subfield code="w">(DLC)sn 87076795</subfield></datafield><datafield ind1="0" ind2="4" tag="780"><subfield code="t">Tiffin daily tribune (Tiffin, Ohio : 1887)</subfield></datafield><datafield ind1="0" ind2="4" tag="780"><subfield code="t">Tiffin daily herald</subfield><subfield code="w">(DLC)sn 84024197</subfield></datafield><datafield ind1="0" ind2="0" tag="785"><subfield code="t">Tiffin tribune (Tiffin, Ohio : 1921)</subfield><subfield code="w">(DLC)sn 87076798</subfield></datafield></record>